@MISC{projectmath,
   note = {\href{http://commons.apache.org/proper/commons-math/}{The Apache Commons.Math project}}
}

@MISC{projectcollection,
   note = {\href{http://commons.apache.org/proper/commons-collections/}{The Apache Commons.Collections project}}
}

@MISC{projectlang,
   note = {\href{http://commons.apache.org/proper/commons-lang/}{The Apache Commons.Lang project}}
}

@MISC{scitoolUnderstnad,
   note = {\href{https://scitools.com/trial-download-3/}{Scitools Understnad}}
}

@MISC{projectconfiguration,
   note = {\href{http://commons.apache.org/proper/commons-configuration/}{The Apache Commons.Configuration project}}
}

@MISC{projectmathgit,
   note = {\href{https://github.com/apache/commons-math/}{The Apache Commons.Math GitHub repository}}
}

@MISC{projectcollectiongit,
   note = {\href{https://github.com/apache/commons-collections/}{The Apache Commons.Collections GitHub repository}}
}

@MISC{projectlanggit,
   note = {\href{https://github.com/apache/commons-lang/}{The Apache Commons.Lang GitHub repository}}
}


@MISC{projectconfigurationgit,
   note = {\href{https://github.com/apache/commons-configuration/}{The Apache Commons.Configuration GitHub repository}}
}


@MISC{jacocoplugin,
   note = {\href{https://www.eclemma.org/jacoco/trunk/doc/maven.html}{JaCoCo maven Plug-in}}
}

@MISC{jacococounter,
   note = {\href{https://www.eclemma.org/jacoco/trunk/doc/counters.html}{JaCoCo Coverage Counter}}
}

@MISC{jacoco,
   note = {\href{https://www.blueacornici.com/blog/code-coverage-with-jacoco/}{JaCoCo - code coverage}}
}

@MISC{cloc,
   note = {\href{http://cloc.sourceforge.net/}{CLOC - Count Lines Of Code}}
}

@MISC{pit,
   note = {\href{https://pitest.org/}{PIT tool for mutation testing}}
}

@MISC{pitinfo,
   note = {\href{https://www.guru99.com/mutation-testing.html}{Mutation testing in software testing : mutation score and analysis.}}
}

@article{woodward1979measure,
  title={A measure of control flow complexity in program text},
  author={Woodward, Martin R. and Hennell, Michael A. and Hedley, David},
  journal={IEEE Transactions on Software Engineering},
  number={1},
  pages={45--50},
  year={1979},
  publisher={IEEE}
}

@book{conte1986software,
  title={Software engineering metrics and models},
  author={Conte, Samuel Daniel and Dunsmore, Hubert E and Shen, YE},
  year={1986},
  publisher={Benjamin-Cummings Publishing Co., Inc.}
}

@article{frappier1994software,
  title={Software metrics for predicting maintainability},
  author={Frappier, Marc and Matwin, Stan and Mili, Ali},
  journal={Software Metrics Study: Tech. Memo},
  volume={2},
  year={1994}
}